% This file was created with JabRef 2.10.
% Encoding: UTF-8

@Book{Balzert2009,
	author = {Balzert, Helmut},
	title = {Lehrbuch der Softwaretechnik: Basiskonzepte und Requirements Engineering},
	year = {2009},
	publisher = {Spektrum Akademischer Verlag},
	address = {Heidelberg},
	isbn = {978-3-8274-2247-7},
	doi = {10.1007/978-3-8274-2247-7_3}
}

@techreport{ISO-25010,
	type = {Standard},
	key = {ISO 25010:2011},
	month = {März},
	year = {2011},
	title = {System und Software-Engineering – Qualitätskriterien und Bewertung von System und Softwareprodukten (SQuaRE) – Qualitätsmodell und Leitlinien},
	volume = {2011},
	institution = {International Organization for Standardization}
}

@Article{SP2011,
	title = {elytS edoC},
	author = {Diomidis Spinellis},
	journal = {IEEE Software},
	year = 2011,
	Month = {März/April},
	volume = {28},
	number = {2},
	pages = {104-103},
}

@inproceedings{PJ2015,
	author = {Prause, Christian und Jarke, Matthias},
	year = {2015},
	month = {August},
	pages = {649-660},
	title = {Gamification for enforcing coding conventions},
}
