% This file was created with JabRef 2.10.
% Encoding: UTF-8

@Book{Balzert2009,
	author = {Balzert, Helmut},
	title = {Lehrbuch der Softwaretechnik: Basiskonzepte und Requirements Engineering},
	year = {2009},
	publisher = {Spektrum Akademischer Verlag},
	address = {Heidelberg},
	isbn = {978-3-8274-2247-7},
	doi = {10.1007/978-3-8274-2247-7_3}
}

@techreport{ISO-25010,
	type = {Standard},
	key = {ISO 25010:2011},
	month = {März},
	year = {2011},
	title = {System und Software-Engineering – Qualitätskriterien und Bewertung von System und Softwareprodukten (SQuaRE) – Qualitätsmodell und Leitlinien},
	volume = {2011},
	institution = {International Organization for Standardization}
}

@Article{SP2011,
	title = {elytS edoC},
	author = {Diomidis Spinellis},
	journal = {IEEE Software},
	year = {2011},
	Month = {März/April},
	volume = {28},
	number = {2},
	pages = {104-103},
}

@inproceedings{PJ2015,
	author = {Prause, Christian und Jarke, Matthias},
	year = {2015},
	month = {August},
	pages = {649-660},
	title = {Gamification for enforcing coding conventions},
}

@book{WCSP1996,
	author = {Wall, Larry and Christiansen, Tom and Schwartz, Randal L. and Potter, Stephan},
	title = {Programming Perl (2nd Ed.)},
	year = {1996},
	isbn = {1565921496},
	publisher = {O Reilly and Associates, Inc.},
	address = {USA}
}

@article{KPME2002,
	title = {An empirical study of maintenance and development estimation accuracy},
	journal = {Journal of Systems and Software},
	volume = {64},
	number = {1},
	pages = {57-77},
	year = {2002},
	author = {Barbara Kitchenham and Shari {Lawrence Pfleeger} and Beth McColl and Suzanne Eagan},
}

@misc{SonarQuest,
	title = {SonarQuest - Mit Gamification zu besserer Softwarequalität},
	publisher = {https://www.viadee.de},
	YEAR = {2018},
	howpublished = "\url{https://www.viadee.de/loesungen/java/sonarquest}",
	note = "[Online; Zugriff am 16.05.2021 16:06]"
}

@inproceedings{Prause2012,
	title={A Field Experiment on Gamification of Code Quality in Agile Development.},
	author={Prause, Christian R and Nonnen, Jan and Vinkovits, Mark},
	booktitle={PPIG},
	pages={17},
	year={2012},
	organization={Citeseer}
}

@inproceedings{PJ2015,
	author = {Prause, Christian and Jarke, Matthias},
	year = {2015},
	month = {08},
	pages = {649-660},
	title = {Gamification for enforcing coding conventions},
	doi = {10.1145/2786805.2786806}
}

@article{SH2014,
	title={Psychological perspectives on motivation through gamification},
	author={Sailer, Michael and Hense, Jan and Mandl, J and Klevers, Markus},
	journal={Interaction Design and Architecture Journal},
	number={19},
	pages={28-37},
	year={2014}
}

@inproceedings{DD2011,
	title={From game design elements to gamefulness: defining "gamification"},
	author={Deterding, Sebastian and Dixon, Dan and Khaled, Rilla and Nacke, Lennart},
	booktitle={Proceedings of the 15th international academic MindTrek conference: Envisioning future media environments},
	pages={9-15},
	year={2011}
}

@inproceedings{HM2014,
	author = {Hense, Jan and Mandl, Heinz},
	year = {2012},
	month = {10},
	title = {Learning in or with Games? Quality Criteria for Digital Learning Games from the Perspective of Learning, Emotion, and Motivation Theory},
	journal = {IADIS International Conference on Cognition and Exploratory Learning in Digital Age, CELDA 2012}
}

@article{Di1972,
	author = {Dijkstra, Edsger W.},
	title = {The Humble Programmer},
	year = {1972},
	publisher = {Association for Computing Machinery},
	journal = {Commun. ACM},
	pages = {859–866},
	numpages = {8}
}

@misc{Ow2020,
	author = {OWASP Foundation},
	title = {Owasp Top Ten},
	YEAR = {2020},
	howpublished = "\url{https://owasp.org/www-project-top-ten/}",
	note = "[Online; Zugriff am 04.06.2021 14:57]"
}

@article{MC1976,
	title={A complexity measure},
	author={McCabe, Thomas J},
	journal={IEEE Transactions on software Engineering},
	number={4},
	pages={308-320},
	year={1976},
	publisher={IEEE}
}

@article{Wa2003,
	title={Playing and gaming},
	author={Walther, Bo Kampmann},
	journal={Game Studies},
	volume={3},
	number={1},
	pages={1-20},
	year={2003}
}

@article{As2000,
	title={Designing emotionally sound instruction: The FEASP-approach},
	author={Astleitner, Hermann},
	journal={Instructional science},
	volume={28},
	number={3},
	pages={169-198},
	year={2000},
	publisher={Springer}
}

@book{Zi2011,
	title={Gamification by design: Implementing game mechanics in web and mobile apps},
	author={Zichermann, Gabe and Cunningham, Christopher},
	year={2011},
	publisher={" O'Reilly Media, Inc."}
}
